@article{goto,
 author = {Dijkstra, Edsger W.},
 title = {Letters to the Editor: Go to Statement Considered Harmful},
 journal = {Commun. ACM},
 issue_date = {March 1968},
 volume = {11},
 number = {3},
 month = mar,
 year = {1968},
 issn = {0001-0782},
 pages = {147--148},
 numpages = {2},
 url = {http://doi.acm.org.ezproxy.falmouth.ac.uk/10.1145/362929.362947},
 doi = {10.1145/362929.362947},
 acmid = {362947},
 publisher = {ACM},
 address = {New York, NY, USA},
 keywords = {alternative clause, branch instruction, conditional clause, go to statement, jump instruction, program intelligibility, program sequencing, repetitive clause},
}

@article{algolwirth,
 author = {Wirth, Niklaus and Hoare, C. A. R.},
 title = {A Contribution to the Development of ALGOL},
 journal = {Commun. ACM},
 issue_date = {June 1966},
 volume = {9},
 number = {6},
 month = jun,
 year = {1966},
 issn = {0001-0782},
 pages = {413--432},
 numpages = {20},
 url = {http://doi.acm.org.ezproxy.falmouth.ac.uk/10.1145/365696.365702},
 doi = {10.1145/365696.365702},
 acmid = {365702},
 publisher = {ACM},
 address = {New York, NY, USA},
}

@article{algolguide,
 title = "An introduction to ALGOL 60",
 author = "H. Bottenbruch",
 month = apr,
 year = "1962",
 pages = "161-221",
 volume = "9",
 issue = "2",
 address = "New York, NY, USA",
 journal = "Journal of the ACM (JACM)"
}

@article{gotoodeep,
 title = "Go to considered harmful considered harmful",
 journal = "Commun. ACM",
 author = "F. Rubin",
 pages = "195-196",
 year = "1987",
 month = mar,
 volume = "30",
 issue = "3",
}

@misc{disappointing,
 title = "On a somewhat disappointing correspondence (EWD1009)",
 author = "Edsger W. Dijkstra",
 year = "1987",
 month = may,
 url = "http://www.cs.utexas.edu/users/EWD/ewd10xx/EWD1009.PDF"
}

@article{loopbreaking,
 author = {Bochmann, G. V.},
 title = {Multiple Exits from a Loop Without the GOTO},
 journal = {Commun. ACM},
 issue_date = {July 1973},
 volume = {16},
 number = {7},
 month = jul,
 year = {1973},
 issn = {0001-0782},
 pages = {443--444},
 numpages = {2},
 url = {http://doi.acm.org.ezproxy.falmouth.ac.uk/10.1145/362280.362300},
 doi = {10.1145/362280.362300},
 acmid = {362300},
 publisher = {ACM},
 address = {New York, NY, USA},
 keywords = {control structures, exit statement, goto free programming, multiple exits from loops},
}

@inproceedings{gotostudy,
 author = {Meiyappan Nagappan and others},
 title = {An Empirical Study of Goto in C Code from GitHub Repositories},
 booktitle = {Proceedings of the 2015 10th Joint Meeting on Foundations of Software Engineering},
 series = {ESEC/FSE 2015},
 year = {2015},
 isbn = {978-1-4503-3675-8},
 location = {Bergamo, Italy},
 pages = {404--414},
 numpages = {11},
 url = {http://doi.acm.org.ezproxy.falmouth.ac.uk/10.1145/2786805.2786834},
 doi = {10.1145/2786805.2786834},
 acmid = {2786834},
 publisher = {ACM},
 address = {New York, NY, USA},
 keywords = {Dijkstra, Empirical SE, Github, Use of goto statements},
}

@article{againstgoto,
 author = {Wulf, William A.},
 title = {A Case Against the GOTO},
 journal = {SIGPLAN Not.},
 issue_date = {November 1972},
 volume = {7},
 number = {11},
 month = nov,
 year = {1972},
 issn = {0362-1340},
 pages = {63--69},
 numpages = {7},
 url = {http://doi.acm.org.ezproxy.falmouth.ac.uk/10.1145/987361.987372},
 doi = {10.1145/987361.987372},
 acmid = {987372},
 publisher = {ACM},
 address = {New York, NY, USA},
 keywords = {goto-less programming, programming, programming languages, structured programming},
}

@article{pascal,
 title = "The Programming Language Pascal",
 author = "N. Wirth",
 month = mar,
 year = "1971",
 volume = "1",
 journal = "Acta Informatica",
 pages = "35-63",
 address = "Secaucus, NJ",
 url = "https://amaus.net/static//S100/software/pascal/1970%20The%20pascal%20programming%20language.pdf"
}

@incollection{pascalrecollections,
 author = {Wirth, N.},
 chapter = {Recollections About the Development of Pascal},
 title = {History of Programming languages---II},
 editor = {Bergin,Jr., Thomas J. and Gibson,Jr., Richard G.},
 year = {1996},
 isbn = {0-201-89502-1},
 pages = {97--120},
 numpages = {24},
 url = {  },
 doi = {10.1145/234286.1057812},
 acmid = {1057812},
 publisher = {ACM},
 address = {New York, NY, USA},
}

@article{pathfinding,
 author = {Dijkstra, E. W.},
 title = {A Note on Two Problems in Connexion with Graphs},
 journal = {Numer. Math.},
 issue_date = {December  1959},
 volume = {1},
 number = {1},
 month = dec,
 year = {1959},
 issn = {0029-599X},
 pages = {269--271},
 numpages = {3},
 url = {http://dx.doi.org.ezproxy.falmouth.ac.uk/10.1007/BF01386390},
 doi = {10.1007/BF01386390},
 acmid = {2722945},
 publisher = {Springer-Verlag New York, Inc.},
 address = {Secaucus, NJ, USA},
}

@article{truths,
 author = {Dijkstra, Edsger W.},
 title = {How Do We Tell Truths That Might Hurt?},
 journal = {SIGPLAN Not.},
 issue_date = {May 1982},
 volume = {17},
 number = {5},
 month = may,
 year = {1982},
 issn = {0362-1340},
 pages = {13--15},
 numpages = {3},
 url = {http://doi.acm.org.ezproxy.falmouth.ac.uk/10.1145/947923.947924},
 doi = {10.1145/947923.947924},
 acmid = {947924},
 publisher = {ACM},
 address = {New York, NY, USA},
}

@book{structured,
 author = {O.J. Dahl and E. W. Dijkstra and C. A. R. Hoare},
 title = {Structured Programming},
 year = {1972},
 isbn = {0-12-200550-3},
 source = {Library of Congress Catalog Card Number: 72-84452},
 publisher = {Academic Press Ltd.},
 address = {London, UK},
}

@book{cprogramming,
 title = "The C Programming Language",
 author = "Brian W. Kernighan and Dennis M. Ritchie",
 year = "1978",
 publisher = "Prentice Hall",
 address = "Upper Saddle River, NJ, USA",
 url = "http://www.dipmat.univpm.it/~demeio/public/the_c_programming_language_2.pdf"
}

@inproceedings{github,
 author = {Kalliamvakou, Eirini and others},
 title = {The Promises and Perils of Mining GitHub},
 booktitle = {Proceedings of the 11th Working Conference on Mining Software Repositories},
 series = {MSR 2014},
 year = {2014},
 isbn = {978-1-4503-2863-0},
 location = {Hyderabad, India},
 pages = {92--101},
 numpages = {10},
 url = {http://doi.acm.org.ezproxy.falmouth.ac.uk/10.1145/2597073.2597074},
 doi = {10.1145/2597073.2597074},
 acmid = {2597074},
 publisher = {ACM},
 address = {New York, NY, USA},
 keywords = {Mining software repositories, bias, code reviews, git, github},
}

@article{structuredgoto,
 author = {Knuth, Donald E.},
 title = {Structured Programming with Go to Statements},
 journal = {ACM Comput. Surv.},
 issue_date = {Dec. 1974},
 volume = {6},
 number = {4},
 month = dec,
 year = {1974},
 issn = {0360-0300},
 pages = {261--301},
 numpages = {41},
 url = {http://doi.acm.org.ezproxy.falmouth.ac.uk/10.1145/356635.356640},
 doi = {10.1145/356635.356640},
 acmid = {356640},
 publisher = {ACM},
 address = {New York, NY, USA},
}

@inproceedings{humanprogramming,
 title = "Programming considered as a human activity",
 author = "Edsger W. Dijkstra",
 booktitle = "Proceedings of the IFIP Congress 1965",
 pages = "213-217",
 month = may,
 year = "1965"
}

@book{csharp,
 title = "The C\# Programming Language",
 edition = "4",
 author = "Anders Heljsberg and Mads Torgersen and Scott Wiltamuth and Peter Golde",
 month = oct,
 publisher = "Addison-Wesley Professional",
 year = "2010",
 url = "http://it.guldstadsgymnasiet.se/c%23/C%23%20Programming%20Language,%20The,%204th%20Edition.pdf"
}

@article{revolution1,
 author = {Lecarme, Olivier},
 title = {Structured Programming, Programming Teaching and the Language Pascal},
 journal = {SIGPLAN Not.},
 issue_date = {July 1974},
 volume = {9},
 number = {7},
 month = jul,
 year = {1974},
 issn = {0362-1340},
 pages = {15--21},
 numpages = {7},
 url = {http://doi.acm.org.ezproxy.falmouth.ac.uk/10.1145/953224.953226},
 doi = {10.1145/953224.953226},
 acmid = {953226},
 publisher = {ACM},
 address = {New York, NY, USA},
}

@inproceedings{caseforgoto,
 author = {Hopkins, Martin E.},
 title = {A Case for the GOTO},
 booktitle = {Proceedings of the ACM Annual Conference - Volume 2},
 series = {ACM '72},
 year = {1972},
 location = {Boston, Massachusetts, USA},
 pages = {787--790},
 numpages = {4},
 url = {http://doi.acm.org.ezproxy.falmouth.ac.uk/10.1145/800194.805860},
 doi = {10.1145/800194.805860},
 acmid = {805860},
 publisher = {ACM},
 address = {New York, NY, USA},
 keywords = {Block structure languages, Goto, Programming style},
}

@article{structuredcapability,
	author = {Peterson, W. W. and Kasami, T. and Tokura, N.},
	title = {On the Capabilities of While, Repeat, and Exit Statements},
	journal = {Commun. ACM},
	issue_date = {Aug. 1973},
	volume = {16},
	number = {8},
	month = aug,
	year = {1973},
	issn = {0001-0782},
	pages = {503--512},
	numpages = {10},
	url = {http://doi.acm.org.ezproxy.falmouth.ac.uk/10.1145/355609.362337},
	doi = {10.1145/355609.362337},
	acmid = {362337},
	publisher = {ACM},
	address = {New York, NY, USA},
	keywords = {exit statement, flowchart, go to statement, node splitting, repeat statement, software reliability, well-formed program, while statement},
} 

@inproceedings{languagestudy,
	author = {Ray, Baishakhi and Posnett, Daryl and Filkov, Vladimir and Devanbu, Premkumar},
	title = {A Large Scale Study of Programming Languages and Code Quality in Github},
	booktitle = {Proceedings of the 22Nd ACM SIGSOFT International Symposium on Foundations of Software Engineering},
	series = {FSE 2014},
	year = {2014},
	isbn = {978-1-4503-3056-5},
	location = {Hong Kong, China},
	pages = {155--165},
	numpages = {11},
	url = {http://doi.acm.org.ezproxy.falmouth.ac.uk/10.1145/2635868.2635922},
	doi = {10.1145/2635868.2635922},
	acmid = {2635922},
	publisher = {ACM},
	address = {New York, NY, USA},
	keywords = {bug fix, code quality, empirical research, programming language, regression analysis, software domain, type system},
} 